2437 4023
75 136 295 181 WINGE,
339 132 624 171 CYTOLOG.
669 129 917 168 STUDIES
956 129 1021 164 IN
1058 127 1176 164 THE
1215 121 1909 162 PLASMODIOPHORACEAE.
2007 109 2070 155 23

72 259 213 310 each
271 275 436 325 Spore
492 256 550 307 of
606 255 701 306 the
752 253 1135 320 aggregat-ion,
1175 248 1695 314 notwithstanding
1732 246 1828 298 the
1867 246 1977 297 size
2017 244 2076 295 of

75 343 175 394 the
211 341 596 409 aggregation‚
638 340 683 389 is
722 337 848 388 able
886 335 1062 397 freely
1100 342 1161 385 to
1200 333 1337 384 send
1365 338 1468 383 out
1494 333 1568 383 its
1596 335 1861 382 contents
1889 334 1951 379 at
1978 327 2075 378 the

82 426 478 491 germination.
557 422 630 472 As
686 419 1013 471 mentioned
1070 417 1250 468 below
1308 417 1419 466 this
1475 417 1520 466 is
1576 415 1633 465 in
1690 413 2074 479 Sponqospora

79 507 366 575 practised
420 508 477 556 in
534 505 630 555 the
685 509 835 553 most
890 500 1171 552 beautiful
1208 515 1445 549 manner
1483 499 1560 564 by
1600 494 1980 548 air-channels
2017 495 2073 544 in

78 592 175 642 the
228 593 592 656 spore-cyst-S.
670 586 735 636 In
774 583 1261 648 Plasmodiophora
1301 581 1399 632 the
1437 597 1630 647 spores
1668 597 1763 630 are
1801 576 2071 630 collected

78 675 201 725 into
253 673 495 723 massive
546 668 959 735 aggregat—ion&
1001 666 1106 717 but
1144 683 1238 715 are
1277 671 1379 714 not
1417 681 1477 715 so
1516 663 1722 729 solidly
1759 659 2076 713 connected

77 758 210 808 here
248 773 309 807 as
347 756 405 805 in
444 755 540 805 the
579 752 743 803 other
781 767 1004 817 genera.

355 986 802 1043 SOrOdiSCUS
842 985 1110 1035 LAGERH.
1151 988 1210 1033 et
1248 982 1464 1033 W⁷INGE
1506 997 1630 1045 gen.
1672 997 1804 1032 nov.

218 1114 408 1166 Genus
478 1110 1231 1177 Plasmodiophoracearum.
1323 1106 1535 1174 Sporae
1605 1122 1797 1155 earum
1862 1105 2081 1170 generis

75 1198 442 1264 Sorosphaera
479 1196 686 1247 similes
726 1199 875 1246 sunt.
941 1192 1235 1259 Sporosori
1271 1196 1464 1240 autem
1492 1189 1927 1239 coacervatione
1955 1204 2082 1254 spo-

80 1299 272 1333 rarum
326 1281 553 1340 diversi,
612 1279 922 1346 placentaS,
985 1293 1108 1342 quae
1163 1293 1231 1325 ex
1290 1273 1515 1325 duobus
1554 1272 1750 1323 stratis
1789 1277 2075 1331 constant,

78 1367 323 1417 circuitu
362 1364 658 1431 irregulari
695 1363 1026 1413 formantes,

222 1600 572 1654 Sorodiscus
613 1597 985 1651 Callitrichis
1024 1596 1292 1646 LAGERH.
1334 1600 1392 1645 et
1431 1594 1648 1645 VVINGE
1689 1609 1772 1659 sp.
1813 1609 1943 1642 nov.

221 1724 264 1776 I.
343 1724 541 1776 Statu
580 1724 983 1790 vegatativo
1029 1719 1440 1788 myxamoebae
1478 1716 1930 1785 plurinucleatae
1968 1715 2084 1783 ple-

81 1825 320 1874 rumque
358 1808 548 1875 plures
586 1808 642 1857 in
681 1806 913 1874 singulis
940 1804 1152 1856 cellulis
1180 1803 1421 1870 hospitis
1448 1819 1549 1868 per
1577 1801 1814 1867 fungum
1842 1800 2087 1850 maxime

79 1893 265 1942 auctis
303 1892 510 1957 jacent.
574 1889 964 1942 Divisionibus
1002 1904 1195 1939 earum
1234 1886 1650 1951 mitosibusque
1684 1884 1926 1951 propriis
1953 1900 2087 1933 nuc-

81 1974 298 2025 leorum
336 1975 728 2041 generationes
765 1973 953 2040 plures
990 1972 1214 2038 genitae
1253 1977 1403 2021 sunt.

223 2057 298 2108 II.
375 2057 571 2109 Statu
624 2056 984 2107 fructifero
1039 2054 1447 2122 myxamoebae
1497 2054 1553 2103 in
1593 2050 1922 2102 amoebulas
1961 2050 2084 2100 uni-

83 2140 380 2192 nucleatas
431 2143 779 2207 partiuntur.
854 2139 1080 2190 Nucleis
1136 2137 1563 2188 amoebularum
1610 2153 1667 2186 se
1707 2135 1791 2185 bis
1829 2134 2085 2184 mitotice

78 2224 474 2275 dividentibus
515 2254 580 2259 —-
617 2223 896 2273 divisione
953 2221 1205 2273 secunda
1260 2236 1499 2271 numero
1559 2219 2084 2269 chromosomarum

81 2308 382 2358 dimidiato
420 2337 483 2342 —-
524 2305 833 2357 amoebulis
890 2321 1117 2371 quoque
1170 2305 1255 2355 bis
1311 2321 1370 2354 se
1407 2301 1859 2361 dimidiantibus,
1901 2317 2088 2351 amoe-

82 2390 250 2441 bulae
289 2389 702 2449 uninncleatae‚
745 2407 801 2439 se
839 2393 1155 2454 prostremo
1193 2388 1252 2437 in
1291 2402 1621 2453 sporosoros
1661 2389 2084 2442 coacervanteS,

83 2474 366 2524 formatae
406 2479 559 2524 sunt.
631 2473 843 2539 Sporae
881 2476 1196 2537 aseptatae,
1237 2470 1352 2520 fere
1391 2468 1671 2536 hyalinae,
1713 2484 1898 2517 crasse
1937 2467 2089 2516 tuni-

84 2562 266 2618 catae,
310 2556 725 2616 urnuliformes,
767 2556 926 2622 apice
965 2553 1115 2604 Vallo
1154 2552 1473 2603 orbiculato
1500 2558 1832 2611 coronatae3
1873 2548 2088 2600 multae

84 2641 208 2691 axis
246 2640 528 2707 parallelis
568 2641 624 2690 in
663 2638 985 2705 placentam
1023 2637 1324 2704 duplicem,
1365 2637 1399 2686 i.
1430 2653 1475 2686 e.
1505 2635 1832 2702 placentam
1859 2632 2085 2683 duobus

84 2725 283 2774 stratis
323 2723 645 2784 formatam,
675 2723 917 2772 circuitu
944 2720 1238 2787 irregulari
1263 2719 1598 2786 plerumque
1625 2717 1927 2783 oblongam
1955 2733 2086 2766 con-

88 2808 346 2857 veniunt.
423 2806 543 2858 Sori
581 2806 803 2857 circiter
843 2809 1046 2854 20—30
1089 2822 1120 2870 ρ.
1159 2803 1279 2864 lat„
1319 2819 1518 2870 sporae
1556 2805 1690 2854 6-7
1720 2819 1754 2867 μ
1792 2811 1838 2854 ><
1870 2806 2004 2850 4-5
2036 2817 2084 2862 μ..

228 2891 295 2941 In
334 2889 590 2942 caulibus
628 2888 966 2940 Callia-iobis
1001 2887 1238 2941 vernalis
1275 2892 1529 2937 tumores
1557 2884 1818 2952 globosos
1846 2883 2088 2951 plerum-

86 2992 198 3041 que
220 2979 354 3024 2-—4
375 2990 506 3023 mm.
527 2973 697 3023 diam.
722 2971 994 3022 efficiens,
1036 2970 1124 3021 Ad
1153 2969 1550 3020 Maalselvd
1571 2968 1736 3028 alen,
1770 2967 2087 3018 Tromsoe

87 3057 466 3123 Norvegiae
522 3055 771 3122 (collegit
828 3053 892 3105 G.
933 3054 1338 3116 LAGERHmM).
1415 3051 1618 3103 Adhuc
1675 3054 1971 3118 praetere-a
2028 3050 2086 3099 in

88 3140 150 3191 C.
190 3140 504 3192 autumnali
541 3140 597 3189 in
637 3138 887 3190 Suecia
926 3143 984 3188 et
1025 3137 1283 3187 Russia
1322 3137 1611 3187 inventus,
2102 3124 2104 3127 ⁵

282 3372 696 3440 Spongospora
733 3373 1127 3425 subterranea
1165 3369 1556 3434 (WALLROTH)
1592 3369 1895 3421 JOHNSON.

229 3497 295 3547 In
352 3502 483 3548 1886
521 3495 976 3548 ΒΒΠΝΟΗΟΗΞΤ35
1013 3493 1308 3546 described
1358 3511 1420 3545 as
1471 3494 1856 3560 Sponqospora
1893 3491 2089 3544 Solam‘

88 3597 163 3630 an
201 3582 485 3648 organism
524 3579 704 3631 which
730 3595 926 3630 causes
953 3577 1049 3629 the
1076 3577 1292 3628 disease
1319 3578 1378 3627 in
1403 3582 1609 3644 potato
1637 3575 1850 3636 tuberS‚
1880 3574 2087 3625 known
